@book{cope1996,
  title     = {Experiments in Musical Intelligence},
  author    = {{Cope}, David},
  publisher = {A-R Editions},
  year      = {1996},
  series    = {Computer Music and Digital Audio Series},
  volume    = {12}
}

@book{ibe2013,
  title     = {Markov Processes for Stochastic Modeling},
  author    = {{Ibe}, Oliver},
  publisher = {Elsevier},
  year      = {2013},
  edition   = {2}
}

@article{jordanous2009,
  title     = {Investigating the Role of Score Following in Automatic Musical
               Accompaniment},
  author    = {{Jordanous}, Anna and {Smaill}, Alan},
  journal   = {Journal of New Music Research},
  year      = {2009},
  volume    = {38},
  number    = {2},
  pages     = {197-209}
}

@article{baum1966,
  author    = {{Baum}, Leonard E. and {Petrie}, Ted},
  journal   = {The Annals of Mathematical Statistics},
  number    = {6},
  pages     = {1554-1563},
  publisher = {The Institute of Mathematical Statistics},
  title     = {Statistical Inference for Probabilistic Functions of Finite
               State Markov Chains},
  volume    = {37},
  year      = {1966}
}

@thesis{li2014,
  title     = {Automated Identification of Chord Progression in Classical
               Music},
  author    = {{Li}, Peiqian},
  school    = {Wittenberg University},
  year      = {2014}
}

@inproceedings{lee2006,
  author    = {{Lee}, Kyogu and {Slaney}, Malcolm},
  title     = {Automatic Chord Recognition from Audio Using a Supervised HMM
               Trained with Audio-from-symbolic Data},
  booktitle = {Proceedings of the 1st ACM Workshop on Audio and Music Computing
               Multimedia},
  series    = {AMCMM '06},
  year      = {2006},
  pages     = {11--20},
  publisher = {ACM}
} 

@inproceedings{raphael2004,
  title     = {A Hybrid Graphical Model for Aligning Polyphonic Audio with
               Musical Scores},
  author    = {{Raphael}, Christopher},
  booktitle = {Cumulative ISMIR Proceedings},
  year      = {2004}
}
